@string{Name="Luis F. Vieira Damiani"}

Brickle, F. J. (1986). The various rhythms of three passages ; Three compositions: Wit's end : for viola and piano ; Nux melaina : for clarinet solo ; Bete noire : for piano and synthesized sound.

Howe, H. S. (1978). Multi-dimensional arrays. Ann Arbor: University Microfilms.

@book{Aigner2007,
 ISBN = {9780821841518},
 author = {Martin Aigner},
 title = {Discrete Mathematics},
 publisher = {American Mathematical Society},
 year = {2007}
}

@article{AlegantLofthouse2002,
 ISSN = {00316016},
 URL = {http://www.jstor.org/stable/25164497},
 author = {Brian Alegant and Marcus Lofthouse},
 journal = {Perspectives of New Music},
 number = {2},
 pages = {233-272},
 publisher = {Perspectives of New Music},
 title = {Having Your Cake and Eating It Too: The Property of "Reflection" in Twelve-Tone Rows (Or, Further Extensions on the Mallalieu Complex)},
 volume = {40},
 year = {2002}
}

@article{ArnoldHair1976,
 ISSN = {00316016},
 URL = {http://www.jstor.org/stable/832633},
 author = {Stephen Arnold, Graham Hair},
 journal = {Perspectives of New Music},
 pages = {155-186},
 publisher = {Perspectives of New Music},
 title = {An Introduction and a Study String Quartet no. 3},
 volume = {14/15},
 year = {1976}
}

@article{Babbitt1962,
 ISSN = {00316016},
 URL = {http://www.jstor.org/stable/832179},
 author = {Milton Babbitt},
 journal = {Perspectives of New Music},
 number = {1},
 pages = {49-79},
 publisher = {Perspectives of New Music},
 title = {Twelve-Tone Rhythmic Structure and the Electronic Medium},
 volume = {1},
 year = {1962}
}

@article{Babbitt1970,
 ISSN = {00316016},
 URL = {http://www.jstor.org/stable/832191},
 author = {Milton Babbitt},
 journal = {Perspectives of New Music},
 number = {1},
 pages = {1-22},
 publisher = {Perspectives of New Music},
 title = {On Relata I},
 volume = {9},
 year = {1970}
}

@article{Babbitt1973,
 ISSN = {00316016},
 URL = {http://www.jstor.org/stable/832268},
 author = {Milton Babbitt},
 journal = {Perspectives of New Music},
 number = {1/2},
 pages = {3-28},
 publisher = {Perspectives of New Music},
 title = {Since Schoenberg},
 volume = {12},
 year = {1973}
}

@article{Babbitt1976,
 URL = {http://name.umdl.umich.edu/0641601.0002.007},
 author = {Milton Babbitt},
 journal = {In Theory Only},
 number = {2},
 volume = {7},
 pages = {9},
 publisher={Michigan Music Theory Society},
 title = {Letter: The Row 0, 1, 4, 2, 9, 5, 11, 3, 8, 10, 7, 6},
 year = {1976}
}

@article{Batstone1972a,
 ISSN = {00316016},
 URL = {http://www.jstor.org/stable/832332},
 author = {Philip Norman Batstone},
 journal = {Perspectives of New Music},
 number = {2},
 pages = {60-71},
 publisher = {Perspectives of New Music},
 title = {Multiple Order Functions in Twelve-Tone Music},
 volume = {10},
 year = {1972}
}

@article{Batstone1972b,
 ISSN = {00316016},
 URL = {http://www.jstor.org/stable/832465},
 author = {Philip Norman Batstone},
 journal = {Perspectives of New Music},
 number = {1},
 pages = {92-111},
 publisher = {Perspectives of New Music},
 title = {Multiple Order Functions in Twelve-Tone Music (Part II)},
 volume = {11},
 year = {1972}
}

@article{BazelowBrickle1976a,
 ISSN = {00316016},
 URL = {http://www.jstor.org/stable/832642},
 author = {Alexander R. Bazelow, Frank Brickle},
 journal = {Perspectives of New Music},
 pages = {280-293},
 publisher = {Perspectives of New Music},
 title = {A Partition Problem Posed by Milton Babbitt (Part I)},
 volume = {14/15},
 year = {1976}
}

@article{BazelowBrickle1979,
  author = {Bazelow, Alexander R. and Brickle, Frank},
  year = {1979},
  title = {A COMBINATORIAL PROBLEM IN MUSIC THEORY‚ÄêBABBITT'S PARTITION PROBLEM (I)},
  journal = {Annals of the New York Academy of Sciences},
  publisher = {Wiley Online Library},
  issn = {1749-6632},
  doi = {10.1111/j.1749-6632.1979.tb32773.x},
  url = {http://dx.doi.org/10.1111/j.1749-6632.1979.tb32773.x},
  volume = {319},
  month = {5},
  pages = {47--63},
  number = {1}
}

@book{DummitFoote2004,
  author = {Dummit, David S. and Foote, Richard M.},
  year = {2004},
  title = {Abstract Algebra},
  publisher = {John Wiley \& Sons},
  ISBN = {0-471-43334-9}
}

@article{Fennelly1969,
 ISSN = {00316016},
 URL = {http://www.jstor.org/stable/832129},
 author = {Brian Fennelly},
 journal = {Perspectives of New Music},
 number = {1},
 pages = {133-135},
 publisher = {Perspectives of New Music},
 reviewed-author = {Donald Martino},
 volume = {8},
 year = {1969}
}

@article{FripertingerLackner2015,
author = {Harald Fripertinger and Peter Lackner},
title = {Tone rows and tropes},
journal = {Journal of Mathematics and Music},
volume = {9},
number = {2},
pages = {111-172},
year = {2015},
doi = {10.1080/17459737.2015.1070088},
URL = {http://dx.doi.org/10.1080/17459737.2015.1070088},
eprint = {http://dx.doi.org/10.1080/17459737.2015.1070088}
}

@article{Gauldin1977,
 URL = {http://name.umdl.umich.edu/0641601.0002.011},
 author = {Robert Gauldin},
 journal = {In Theory Only},
 number = {11-12},
 volume = {2},
 pages = {32-42},
 publisher={Michigan Music Theory Society},
 title = {The Magic Squares of the Third Movement of Webern's Concerto Op. 24},
 year = {1977}
}

@article{Howe1965,
 ISSN = {00316016},
 URL = {http://www.jstor.org/stable/832526},
 author = {Hubert S. Howe},
 journal = {Perspectives of New Music},
 number = {1},
 pages = {45-61},
 publisher = {Perspectives of New Music},
 title = {Some Combinational Properties of Pitch Structures},
 volume = {4},
 year = {1965}
}

@book{Ilomaki2008,
  title={On the Similarity of Twelve-tone Rows},
  author={Ilom{\"a}ki, T.},
  isbn={9789525531329},
  series={Studia musica},
  url={https://books.google.com/books?id=LE\_wtgAACAAJ},
  year={2008},
  publisher={Sibelius Academy}
}

@article{Kowalski1986,
 ISSN = {02718022},
 URL = {http://www.jstor.org/stable/24045222},
 author = {David Kowalski},
 journal = {Indiana Theory Review},
 number = {1},
 pages = {52-65},
 publisher = {[Department of Music Theory, Jacobs School of Music, Indiana University, Indiana University Press, Trustees of Indiana University]},
 title = {An Annotated Bibliography of Array Studies},
 volume = {7},
 year = {1986}
}

@article{Kowalski1987a,
 ISSN = {00316016},
 URL = {http://www.jstor.org/stable/833103},
 author = {David Kowalski},
 journal = {Perspectives of New Music},
 number = {1/2},
 pages = {286-361},
 publisher = {Perspectives of New Music},
 title = {The Construction and Use of Self-Deriving Arrays},
 volume = {25},
 year = {1987}
}

@article{Kowalski1987b,
 URL = {http://name.umdl.umich.edu/0641601.0009.005},
 author = {David Kowalski},
 journal = {In Theory Only},
 number = {5-6},
 pages = {27-49},
 publisher = {Michigan Music Theory Society},
 title = {An Algorithm and a Computer Program for the Construction of Self-Deriving Arrays},
 volume = {9},
 year = {1987}
}

@article{Lewin1966,
 ISSN = {00222909},
 URL = {http://www.jstor.org/stable/843244},
 author = {David Lewin},
 journal = {Journal of Music Theory},
 number = {2},
 pages = {276-287},
 publisher = {[Duke University Press, Yale University Department of Music]},
 title = {On Certain Techniques of Re-Ordering in Serial Music},
 volume = {10},
 year = {1966}
}

@article{Lewin1976a,
 URL = {http://name.umdl.umich.edu/0641601.0002.007},
 author = {David Lewin},
 journal = {In Theory Only},
 number = {2},
 volume = {7},
 pages = {8},
 publisher={Michigan Music Theory Society},
 title = {Letter: The Row 0, 1, 4, 2, 9, 5, 11, 3, 8, 10, 7, 6},
 year = {1976}
}

@article{Lewin1976b,
 ISSN = {00316016},
 URL = {http://www.jstor.org/stable/832640},
 author = {David Lewin},
 journal = {Perspectives of New Music},
 pages = {252-257},
 publisher = {Perspectives of New Music},
 title = {On Partial Ordering},
 volume = {14/15},
 year = {1976}
}

@article{Martino1961,
 ISSN = {00222909},
 URL = {http://www.jstor.org/stable/843226},
 author = {Donald Martino},
 journal = {Journal of Music Theory},
 number = {2},
 pages = {224-273},
 publisher = {[Duke University Press, Yale University Department of Music]},
 title = {The Source Set and Its Aggregate Formations},
 volume = {5},
 year = {1961}
}

@article{Martino1962,
 ISSN = {00222909},
 URL = {http://www.jstor.org/stable/842922},
 author = {Donald Martino},
 journal = {Journal of Music Theory},
 number = {2},
 pages = {322-323},
 publisher = {[Duke University Press, Yale University Department of Music]},
 title = {[Typographical Errors in "The Source Set and Its Aggregate Formations"]},
 volume = {6},
 year = {1962}
}

@article{MartinoRothstein1980,
 ISSN = {00222909},
 URL = {http://www.jstor.org/stable/843501},
 author = {William Rothstein, Donald Martino},
 journal = {Journal of Music Theory},
 number = {2},
 pages = {129-165},
 publisher = {[Duke University Press, Yale University Department of Music]},
 title = {Linear Structure in the Twelve-Tone System: An Analysis of Donald Martino's "Pianississimo"},
 volume = {24},
 year = {1980}
}

@article{Mead1983,
 ISSN = {01956167, 15338339},
 URL = {http://www.jstor.org/stable/746097},
 author = {Andrew W. Mead},
 journal = {Music Theory Spectrum},
 pages = {89-109},
 publisher = {[Oxford University Press, Society for Music Theory]},
 title = {Detail and the Array in Milton Babbitt's "My Complements to Roger"},
 volume = {5},
 year = {1983}
}

@article{Mead1988,
 ISSN = {00316016},
 URL = {http://www.jstor.org/stable/833188},
 author = {Andrew Mead},
 journal = {Perspectives of New Music},
 number = {2},
 pages = {96-163},
 publisher = {Perspectives of New Music},
 title = {Some Implications of the Pitch Class/Order Number Isomorphism Inherent in the Twelve-Tone System: Part One},
 volume = {26},
 year = {1988}
}

@article{Mead1989,
 ISSN = {00316016},
 URL = {http://www.jstor.org/stable/833268},
 author = {Andrew Mead},
 journal = {Perspectives of New Music},
 number = {1},
 pages = {180-233},
 publisher = {Perspectives of New Music},
 title = {Some Implications of the Pitch-Class/Order-Number Isomorphism Inherent in the Twelve-Tone System Part Two: The Mallalieu Complex: Its Extensions and Related Rows},
 volume = {27},
 year = {1989}
}

@article{Morris1976,
 URL = {http://name.umdl.umich.edu/0641601.0002.007},
 author = {Robert Morris},
 journal = {In Theory Only},
 number = {2},
 volume = {7},
 pages = {15-17},
 publisher={Michigan Music Theory Society},
 title = {Serial Forum: More on 0, 1, 4, 2, 9, 5, 11, 3, 8, 10, 7, 6},
 year = {1976}
}

@article{Morris1977,
 ISSN = {00222909},
 URL = {http://www.jstor.org/stable/843490},
 author = {Robert Morris},
 journal = {Journal of Music Theory},
 number = {2},
 pages = {238-262},
 publisher = {[Duke University Press, Yale University Department of Music]},
 title = {On the Generation of Multiple-Order-Function Twelve-Tone Rows},
 volume = {21},
 year = {1977}
}

@article{Morris1982,
 ISSN = {00316016},
 URL = {http://www.jstor.org/stable/832888},
 author = {Robert Morris},
 journal = {Perspectives of New Music},
 number = {1/2},
 pages = {432-486},
 publisher = {Perspectives of New Music},
 title = {Combinatoriality without the Aggregate},
 volume = {21},
 year = {1982}
}

@book{Morris1987,
  title={Composition with Pitch-classes: A Theory of Compositional Design},
  author={Morris, R.},
  isbn={9780300036848},
  lccn={87015955},
  year={1987},
  publisher={Yale University Press}
}

@article{MorrisStarr1974,
 ISSN = {00222909},
 URL = {http://www.jstor.org/stable/843642},
 author = {Robert Morris and Daniel Starr},
 journal = {Journal of Music Theory},
 number = {2},
 pages = {364-389},
 publisher = {[Duke University Press, Yale University Department of Music]},
 title = {The Structure of All-Interval Series},
 volume = {18},
 year = {1974}
}

@article{MorrisStarr1977,
 ISSN = {00316016},
 URL = {http://www.jstor.org/stable/832847},
 author = {Daniel Starr, Robert Morris},
 journal = {Perspectives of New Music},
 number = {1},
 pages = {3-35},
 publisher = {Perspectives of New Music},
 title = {A General Theory of Combinatoriality and the Aggregate (Part 1)},
 volume = {16},
 year = {1977}
}

@article{MorrisStarr1978,
 ISSN = {00316016},
 URL = {http://www.jstor.org/stable/832678},
 author = {Daniel Starr, Robert Morris},
 journal = {Perspectives of New Music},
 number = {2},
 pages = {50-84},
 publisher = {Perspectives of New Music},
 title = {A General Theory of Combinatoriality and the Aggregate (Part 2)},
 volume = {16},
 year = {1978}
}

@article{Rahn1975,
 URL = {http://quod.lib.umich.edu/g/genpub/0641601.0001.002},
 author = {John Rahn},
 journal = {In Theory Only},
 number = {2},
 volume = {1},
 pages = {10-11},
 publisher={Michigan Music Theory Society},
 title = {Gentle Reminder no. 1: Two Common-Tone Theorems},
 year = {1975}
}

@article{Rahn1976,
 ISSN = {00316016},
 URL = {http://www.jstor.org/stable/832628},
 author = {John Rahn},
 journal = {Perspectives of New Music},
 pages = {61-80},
 publisher = {Perspectives of New Music},
 title = {How Do You Du (By Milton Babbitt)?},
 volume = {14/15},
 year = {1976}
}

@article{Reiner1985,
 ISSN = {00029890, 19300972},
 URL = {http://www.jstor.org/stable/2322196},
 author = {David L. Reiner},
 journal = {The American Mathematical Monthly},
 number = {1},
 pages = {51-54},
 publisher = {Mathematical Association of America},
 title = {Enumeration in Music Theory},
 volume = {92},
 year = {1985}
}

@article{Rothgeb1967,
 ISSN = {00222909},
 URL = {http://www.jstor.org/stable/843066},
 author = {John Rothgeb},
 journal = {Journal of Music Theory},
 number = {2},
 pages = {176-197},
 publisher = {[Duke University Press, Yale University Department of Music]},
 title = {Some Ordering Relationships in the Twelve-Tone System},
 volume = {11},
 year = {1967}
}

@book{Rotman1967,
 ISBN = {0130878685},
 author = {Joseph J. Rotman},
 title = {Advanced Modern Algebra},
 publisher = {Prentice Hall},
 year = {2002}
}

@article{Scotto1988,
 ISSN = {00316016},
 URL = {http://www.jstor.org/stable/833180},
 author = {Ciro Scotto},
 journal = {Perspectives of New Music},
 number = {2},
 pages = {6-24},
 publisher = {Perspectives of New Music},
 title = {Preparing a Performance of Babbitt's Arie da Capo},
 volume = {26},
 year = {1988}
}

@article{Scotto2000,
 ISSN = {00316016},
 URL = {http://www.jstor.org/stable/833592},
 author = {Ciro Scotto},
 journal = {Perspectives of New Music},
 number = {1},
 pages = {169-222},
 publisher = {Perspectives of New Music},
 title = {A Hybrid Compositional System: Pitch-Class Composition with Tonal Syntax},
 volume = {38},
 year = {2000}
}

@article{10.2307/832758,
 ISSN = {00316016},
 URL = {http://www.jstor.org/stable/832758},
 author = {Michael Stanfield},
 journal = {Perspectives of New Music},
 number = {1},
 pages = {72-95},
 publisher = {Perspectives of New Music},
 title = {Some Exchange Operations in Twelve-Tone Theory: Part Two},
 volume = {24},
 year = {1985}
}

@article{10.2307/832916,
 ISSN = {00316016},
 URL = {http://www.jstor.org/stable/832916},
 author = {Michael Stanfield},
 journal = {Perspectives of New Music},
 number = {1},
 pages = {258-277},
 publisher = {Perspectives of New Music},
 title = {Some Exchange Operations in Twelve-Tone Theory: Part One},
 volume = {23},
 year = {1984}
}

@article{Starr1978,
 ISSN = {00222909},
 URL = {http://www.jstor.org/stable/843626},
 author = {Daniel Starr},
 journal = {Journal of Music Theory},
 number = {1},
 pages = {1-42},
 publisher = {[Duke University Press, Yale University Department of Music]},
 title = {Sets, Invariance and Partitions},
 volume = {22},
 year = {1978}
}

@article{Starr1984,
 ISSN = {00316016},
 URL = {http://www.jstor.org/stable/832915},
 author = {Daniel Starr},
 journal = {Perspectives of New Music},
 number = {1},
 pages = {180-257},
 publisher = {Perspectives of New Music},
 title = {Derivation and Polyphony},
 volume = {23},
 year = {1984}
}

@article{Tucker1974,
 ISSN = {0025570X, 19300980},
 URL = {http://www.jstor.org/stable/2688047},
 author = {Alan Tucker},
 journal = {Mathematics Magazine},
 number = {5},
 pages = {248-256},
 publisher = {Mathematical Association of America},
 title = {Polya's Enumeration Formula by Example},
 volume = {47},
 year = {1974}
}

@article{WeiXu1993,
title = "Cycle index of direct product of permutation groups and number of equivalence classes of subsets of Zv",
journal = "Discrete Mathematics",
volume = "123",
number = "1",
pages = "179 - 188",
year = "1993",
note = "",
issn = "0012-365X",
url = "http://dx.doi.org/10.1016/0012-365X(93)90015-L",
author = "Wan-Di Wei and Ju-Yong Xu",
}

@article{Weinberg1963,
 ISSN = {00316016},
 URL = {http://www.jstor.org/stable/832258},
 author = {Henry Weinberg},
 journal = {Perspectives of New Music},
 number = {1},
 pages = {82-90},
 publisher = {Perspectives of New Music},
 title = {Donald Martino: Trio (1959)},
 volume = {2},
 year = {1963}
}

@article{Westergaard1966,
 ISSN = {00316016},
 URL = {http://www.jstor.org/stable/832218},
 author = {Peter Westergaard},
 journal = {Perspectives of New Music},
 number = {2},
 pages = {90-112},
 publisher = {Perspectives of New Music},
 title = {Toward a Twelve-Tone Polyphony},
 volume = {4},
 year = {1966}
}

@article{Winham1970,
 ISSN = {00316016},
 URL = {http://www.jstor.org/stable/832193},
 author = {Godfrey Winham},
 journal = {Perspectives of New Music},
 number = {1},
 pages = {43-67},
 publisher = {Perspectives of New Music},
 title = {Composition with Arrays},
 volume = {9},
 year = {1970}
}

@article{Wintle1973,
 ISSN = {00316016},
 URL = {http://www.jstor.org/stable/832287},
 author = {Christopher Wintle},
 journal = {Perspectives of New Music},
 number = {1/2},
 pages = {386-389},
 publisher = {Perspectives of New Music},
 title = {Multiple Order Functions in Twelve-Tone Music: An Informal Addendum},
 volume = {12},
 year = {1973}
}

@article{Wintle1975,
 ISSN = {00316016},
 URL = {http://www.jstor.org/stable/832090},
 author = {Christopher Wintle},
 journal = {Perspectives of New Music},
 number = {2},
 pages = {166-177},
 publisher = {Perspectives of New Music},
 title = {An Early Version of Derivation: Webern's Op. 11/3},
 volume = {13},
 year = {1975}
}

@article{Zuckerman1976,
 ISSN = {00316016},
 URL = {http://www.jstor.org/stable/832631},
 author = {Mark Zuckerman},
 journal = {Perspectives of New Music},
 pages = {85-110},
 publisher = {Perspectives of New Music},
 title = {On Milton Babbitt's String Quartet No. 2},
 volume = {14/15},
 year = {1976}
}
